@article{Basler:2018cwe,
    author = {Basler, Philipp and M\"uhlleitner, Margarete},
    title = "{BSMPT (Beyond the Standard Model Phase Transitions): A tool for the electroweak phase transition in extended Higgs sectors}",
    eprint = "1803.02846",
    archivePrefix = "arXiv",
    primaryClass = "hep-ph",
    doi = "10.1016/j.cpc.2018.11.006",
    journal = "Comput. Phys. Commun.",
    volume = "237",
    pages = "62--85",
    year = "2019"
}
